@article{egorov2016multi,
  title={Multi-agent deep reinforcement learning},
  author={Egorov, Maxim},
  journal={CS231n: Convolutional Neural Networks for Visual Recognition},
  year={2016}
}

@inproceedings{li2019robust,
  title={Robust multi-agent reinforcement learning via minimax deep deterministic policy gradient},
  author={Li, Shihui and Wu, Yi and Cui, Xinyue and Dong, Honghua and Fang, Fei and Russell, Stuart},
  booktitle={AAAI Conference on Artificial Intelligence (AAAI)},
  year={2019}
}

@inproceedings{whiteson2016learning,
  title={Learning to communicate with deep multi-agent reinforcement learning},
  author={Whiteson, S and Foerster, JNOP and Assael, YM and de Freitas, Nando},
  year={2016},
  organization={Neural Information Processing Systems}
}
@article{sallab2017deep,
  title={Deep reinforcement learning framework for autonomous driving},
  author={Sallab, Ahmad EL and Abdou, Mohammed and Perot, Etienne and Yogamani, Senthil},
  journal={Electronic Imaging},
  volume={2017},
  number={19},
  pages={70--76},
  year={2017},
  publisher={Society for Imaging Science and Technology}
}

@article{oroojlooyjadid2019review,
  title={A review of cooperative multi-agent deep reinforcement learning},
  author={OroojlooyJadid, Afshin and Hajinezhad, Davood},
  journal={arXiv preprint arXiv:1908.03963},
  year={2019}
}

@article{bottou2018optimization,
  title={Optimization methods for large-scale machine learning},
  author={Bottou, L{\'e}on and Curtis, Frank E and Nocedal, Jorge},
  journal={Siam Review},
  volume={60},
  number={2},
  pages={223--311},
  year={2018},
  publisher={SIAM}
}

@inproceedings{gupta2017cooperative,
  title={Cooperative multi-agent control using deep reinforcement learning},
  author={Gupta, Jayesh K and Egorov, Maxim and Kochenderfer, Mykel},
  booktitle={International Conference on Autonomous Agents and Multiagent Systems},
  pages={66--83},
  year={2017},
  organization={Springer}
}

@article{nguyen2018deep,
  title={Deep reinforcement learning for multi-agent systems: a review of challenges, solutions and applications},
  author={Nguyen, Thanh Thi and Nguyen, Ngoc Duy and Nahavandi, Saeid},
  journal={arXiv preprint arXiv:1812.11794},
  year={2018}
}
@article{thorndike1998animal,
  title={Animal intelligence: An experimental study of the associate processes in animals.},
  author={Thorndike, Edward Lee},
  journal={American Psychologist},
  volume={53},
  number={10},
  pages={1125},
  year={1998},
  publisher={American Psychological Association}
}
@book{russell2016artificial,
  title={Artificial intelligence: a modern approach},
  author={Russell, Stuart J and Norvig, Peter},
  year={2016},
  publisher={Malaysia; Pearson Education Limited,}
}

@book{harrington2012machine,
  title={Machine learning in action},
  author={Harrington, Peter},
  year={2012},
  publisher={Manning Publications Co.}
}

@incollection{ayodele2010types,
  title={Types of machine learning algorithms},
  author={Ayodele, Taiwo Oladipupo},
  booktitle={New advances in machine learning},
  year={2010},
  publisher={IntechOpen}
}

@inproceedings{zhou2017unsupervised,
  title={Unsupervised learning of depth and ego-motion from video},
  author={Zhou, Tinghui and Brown, Matthew and Snavely, Noah and Lowe, David G},
  booktitle={Proceedings of the IEEE Conference on Computer Vision and Pattern Recognition},
  pages={1851--1858},
  year={2017}
}

@article{li2016deep,
  title={Deep reinforcement learning for dialogue generation},
  author={Li, Jiwei and Monroe, Will and Ritter, Alan and Galley, Michel and Gao, Jianfeng and Jurafsky, Dan},
  journal={arXiv preprint arXiv:1606.01541},
  year={2016}
}

@book{demuth2014neural,
  title={Neural network design},
  author={Demuth, Howard B and Beale, Mark H and De Jess, Orlando and Hagan, Martin T},
  year={2014},
  publisher={Martin Hagan}
}

@inproceedings{mikolov2010recurrent,
  title={Recurrent neural network based language model},
  author={Mikolov, Tom{\'a}{\v{s}} and Karafi{\'a}t, Martin and Burget, Luk{\'a}{\v{s}} and {\v{C}}ernock{\`y}, Jan and Khudanpur, Sanjeev},
  booktitle={Eleventh annual conference of the international speech communication association},
  year={2010}
}

@article{zhang2016multilayer,
  title={A multilayer perceptron based smart pathological brain detection system by fractional Fourier entropy},
  author={Zhang, Yudong and Sun, Yi and Phillips, Preetha and Liu, Ge and Zhou, Xingxing and Wang, Shuihua},
  journal={Journal of medical systems},
  volume={40},
  number={7},
  pages={173},
  year={2016},
  publisher={Springer}
}

@article{chen2017eyeriss,
  title={Eyeriss: An energy-efficient reconfigurable accelerator for deep convolutional neural networks},
  author={Chen, Yu-Hsin and Krishna, Tushar and Emer, Joel S and Sze, Vivienne},
  journal={IEEE Journal of Solid-State Circuits},
  volume={52},
  number={1},
  pages={127--138},
  year={2017},
  publisher={IEEE}
}

@article{esteva2017dermatologist,
  title={Dermatologist-level classification of skin cancer with deep neural networks},
  author={Esteva, Andre and Kuprel, Brett and Novoa, Roberto A and Ko, Justin and Swetter, Susan M and Blau, Helen M and Thrun, Sebastian},
  journal={Nature},
  volume={542},
  number={7639},
  pages={115},
  year={2017},
  publisher={Nature Publishing Group}
}

@article{salamon2017deep,
  title={Deep convolutional neural networks and data augmentation for environmental sound classification},
  author={Salamon, Justin and Bello, Juan Pablo},
  journal={IEEE Signal Processing Letters},
  volume={24},
  number={3},
  pages={279--283},
  year={2017},
  publisher={IEEE}
}


@inproceedings{krizhevsky2012imagenet,
  title={Imagenet classification with deep convolutional neural networks},
  author={Krizhevsky, Alex and Sutskever, Ilya and Hinton, Geoffrey E},
  booktitle={Advances in neural information processing systems},
  pages={1097--1105},
  year={2012}
}
@article{li2017deep,
  title={Deep reinforcement learning: An overview},
  author={Li, Yuxi},
  journal={arXiv preprint arXiv:1701.07274},
  year={2017}
}

@article{monteiro2004desempenho,
  title={Desempenho de algoritmos de aprendizagem por refor{\c{c}}o sob condi{\c{c}}{\~o}es de ambiguidade sensorial em rob{\'o}tica m{\'o}vel},
  author={Monteiro, Sildomar T and Ribeiro, Carlos HC},
  journal={Sba: Controle \& Automa{\c{c}}{\~a}o Sociedade Brasileira de Automatica},
  volume={15},
  number={3},
  pages={320--338},
  year={2004},
  publisher={SciELO Brasil}
}

@article{saraiva2019models,
  title={Models of Learning to Classify X-ray Images for the Detection of Pneumonia using Neural Networks},
  author={Saraiva, AA and Santos, DBS and Costa, Nator Junior C and Sousa, Jose Vigno M and Ferreira, NM Fonseca and Valente, Antonio and Soares, Salviano},
  year={2019}
}

@inproceedings{saraiva2019classification,
  title={Classification of Images of Childhood Pneumonia using Convolutional Neural Networks},
  author={Saraiva, A and Ferreira, N and Sousa, L and Carvalho da Costa, N and Sousa, J and Santos, D and Soares, S},
  booktitle={6th International Conference on Bioimaging},
  pages={112--119},
  year={2019}
}
@inproceedings{saraiva2018navigation,
  title={Navigation of quadruped multirobots by gesture recognition using restricted boltzmann machines},
  author={Saraiva, Arata A and Santos, DB S and Junior, FCF Marques and Sousa, Jose Vigno M and Ferreira, NM Fonseca and Valente, Antonio},
  booktitle={Memorias de Congresos UTP},
  pages={431--438},
  year={2018}
}

@article{article,
author = {Sousa, Santos and Teixeira, Melo and Junior, Francisco Das Chagas Fontenele and Saraiva, Arata and Sousa, Jose and Ferreira, N},
year = {2018},
month = {08},
pages = {},
title = {Robotic Control with Pattern Recognition by Dynamic Image Segmentation}
}
@unknown{unknown,
author = {Bruno, Domingos and Rodrigues, Gustavo and Carvalho da Costa, Nator and Saraiva, Arata and Sousa, Jos√© and Ferreira, N.},
year = {2018},
month = {11},
pages = {},
title = {Learning model for fraud detection in credit cards},
doi = {10.13140/RG.2.2.20238.82245}
}

@phdthesis{singh1994learning,
  title={Learning to solve Markovian decision processes},
  author={Singh, Satinder P},
  year={1994},
  school={University of Massachusetts at Amherst}
}

@article{das1999solving,
  title={Solving semi-Markov decision problems using average reward reinforcement learning},
  author={Das, Tapas K and Gosavi, Abhijit and Mahadevan, Sridhar and Marchalleck, Nicholas},
  journal={Management Science},
  volume={45},
  number={4},
  pages={560--574},
  year={1999},
  publisher={INFORMS}
}

@inproceedings{van2016deep,
  title={Deep reinforcement learning with double q-learning},
  author={Van Hasselt, Hado and Guez, Arthur and Silver, David},
  booktitle={Thirtieth AAAI conference on artificial intelligence},
  year={2016}
}
@inproceedings{hester2018deep,
  title={Deep q-learning from demonstrations},
  author={Hester, Todd and Vecerik, Matej and Pietquin, Olivier and Lanctot, Marc and Schaul, Tom and Piot, Bilal and Horgan, Dan and Quan, John and Sendonaris, Andrew and Osband, Ian and others},
  booktitle={Thirty-Second AAAI Conference on Artificial Intelligence},
  year={2018}
}

@article{hansen2018aversion,
  title={Aversion to ambiguity and model misspecification in dynamic stochastic environments},
  author={Hansen, Lars Peter and Miao, Jianjun},
  journal={Proceedings of the National Academy of Sciences},
  volume={115},
  number={37},
  pages={9163--9168},
  year={2018},
  publisher={National Acad Sciences}
}
@inproceedings{silva2010multi,
  title={A multi-agent system for dynamic path planning},
  author={Silva, Marcelo Cardoso and Garcia, Ana Cristina Bicharra and Conci, Aura},
  booktitle={2010 Second Brazilian Workshop on Social Simulation},
  pages={47--51},
  year={2010},
  organization={IEEE}
}

@inproceedings{othmani2017multi,
  title={Multi-agent patrolling in dynamic environments},
  author={Othmani-Guibourg, Mehdi and El Fallah-Seghrouchni, Amal and Farges, Jean-Loup and Potop-Butucaru, Maria},
  booktitle={2017 IEEE international conference on agents (ICA)},
  pages={72--77},
  year={2017},
  organization={IEEE}
}

@article{nguyen2018multi,
  title={Multi-agent deep reinforcement learning with human strategies},
  author={Nguyen, Thanh and Nguyen, Ngoc Duy and Nahavandi, Saeid},
  journal={arXiv preprint arXiv:1806.04562},
  year={2018}
}
@inproceedings{gu2016continuous,
  title={Continuous deep q-learning with model-based acceleration},
  author={Gu, Shixiang and Lillicrap, Timothy and Sutskever, Ilya and Levine, Sergey},
  booktitle={International Conference on Machine Learning},
  pages={2829--2838},
  year={2016}
}


@inproceedings{jaques2019social,
  title={Social Influence as Intrinsic Motivation for Multi-Agent Deep Reinforcement Learning},
  author={Jaques, Natasha and Lazaridou, Angeliki and Hughes, Edward and Gulcehre, Caglar and Ortega, Pedro and Strouse, Dj and Leibo, Joel Z and De Freitas, Nando},
  booktitle={International Conference on Machine Learning},
  pages={3040--3049},
  year={2019}
}


@inproceedings{zhu2019q,
  title={A Q-values Sharing Framework for Multiple Independent Q-learners},
  author={Zhu, Changxi and Leung, Ho-fung and Hu, Shuyue and Cai, Yi},
  booktitle={Proceedings of the 18th International Conference on Autonomous Agents and MultiAgent Systems},
  pages={2324--2326},
  year={2019},
  organization={International Foundation for Autonomous Agents and Multiagent Systems}
}

@article{young2019causal,
  title={Causal learning from joint action: Collaboration helps first graders but hinders kindergartners},
  author={Young, Andrew G and Alibali, Martha W and Kalish, Charles W},
  journal={Journal of experimental child psychology},
  volume={177},
  pages={166--186},
  year={2019},
  publisher={Elsevier}
}

@article{wang2018towards,
  title={Towards Cooperation in Sequential Prisoner's Dilemmas: a Deep Multiagent Reinforcement Learning Approach},
  author={Wang, Weixun and Hao, Jianye and Wang, Yixi and Taylor, Matthew},
  journal={arXiv preprint arXiv:1803.00162},
  year={2018}
}

@article{slimeni2019cooperative,
  title={Cooperative Q-learning based channel selection for cognitive radio networks},
  author={Slimeni, Feten and Chtourou, Zied and Scheers, Bart and Le Nir, Vincent and Attia, Rabah},
  journal={Wireless Networks},
  volume={25},
  number={7},
  pages={4161--4171},
  year={2019},
  publisher={Springer}
}

@article{portugal2016cooperative,
  title={Cooperative multi-robot patrol with Bayesian learning},
  author={Portugal, David and Rocha, Rui P},
  journal={Autonomous Robots},
  volume={40},
  number={5},
  pages={929--953},
  year={2016},
  publisher={Springer}
}
@inproceedings{li2019integrating,
  title={Integrating decision sharing with prediction in decentralized planning for multi-agent coordination under uncertainty},
  author={Li, Minglong and Yang, Wenjing and Cai, Zhongxuan and Yang, Shaowu and Wang, Ji},
  booktitle={Proceedings of the 28th International Joint Conference on Artificial Intelligence},
  pages={450--456},
  year={2019},
  organization={AAAI Press}
}

